<collection xmlns="http://www.loc.gov/MARC21/slim">
<record>
  <leader>01760nam0a2200289 i 450 </leader>
  <controlfield tag="001">IT\ICCU\CNCE\021986</controlfield>
  <controlfield tag="005">20080313000000.0</controlfield>
  <datafield tag="012" ind1=" " ind2=" ">
    <subfield code="a">n-v- nie. teti AtMa (7) 1600 (R)</subfield>
    <subfield code="2">fei</subfield>
  </datafield>
  <datafield tag="100" ind1=" " ind2=" ">
    <subfield code="a">19970101d1600        0itac0103    ba</subfield>
  </datafield>
  <datafield tag="101" ind1=" " ind2=" ">
    <subfield code="a">ITA</subfield>
  </datafield>
  <datafield tag="102" ind1=" " ind2=" ">
    <subfield code="a">IT</subfield>
  </datafield>
  <datafield tag="200" ind1="1" ind2=" ">
    <subfield code="a">Opere poetiche del molto illustre signor caualier Battista Guarini. Nelle quali si contengono il Pastor Fido tragicommedia pastorale. Sonetti, madrigali, &amp; alcune ottaue di nuouo stampate, &amp; corrette</subfield>
  </datafield>
  <datafield tag="210" ind1=" " ind2=" ">
    <subfield code="a">In Milano</subfield>
    <subfield code="c">per l&apos;herede del q. Pacifico Pontio</subfield>
    <subfield code="d">&amp; Gio. Battista Piccaglia compagni</subfield>
    <subfield code="d">1600</subfield>
  </datafield>
  <datafield tag="215" ind1=" " ind2=" ">
    <subfield code="a">240 p.</subfield>
    <subfield code="d">12ʻ</subfield>
  </datafield>
  <datafield tag="620" ind1=" " ind2=" ">
    <subfield code="a">IT</subfield>
    <subfield code="d">Milano</subfield>
  </datafield>
  <datafield tag="700" ind1=" " ind2="1">
    <subfield code="a">Guarini,</subfield>
    <subfield code="b">Giovanni Battista</subfield>
    <subfield code="c"> &lt;1538-1612&gt;</subfield>
    <subfield code="3">IT\ICCU\CNCA\006336</subfield>
  </datafield>
  <datafield tag="712" ind1="0" ind2="0">
    <subfield code="a">Da_Ponte, Pacifico - erede &amp; Piccaglia, Giovanni Battista</subfield>
    <subfield code="3">IT\ICCU\CNCT\002118</subfield>
    <subfield code="4">650</subfield>
  </datafield>
  <datafield tag="790" ind1=" " ind2="0">
    <subfield code="a">Attizzato accademico ferrarese</subfield>
    <subfield code="3">IT\ICCU\CNCA\019705</subfield>
    <subfield code="z">Guarini, Giovanni Battista &lt;1538-1612&gt;</subfield>
  </datafield>
  <datafield tag="790" ind1=" " ind2="1">
    <subfield code="a">Guarini,</subfield>
    <subfield code="b">Battista</subfield>
    <subfield code="c"> &lt;1538-1612&gt;</subfield>
    <subfield code="3">IT\ICCU\CNCA\019706</subfield>
    <subfield code="z">Guarini, Giovanni Battista &lt;1538-1612&gt;</subfield>
  </datafield>
  <datafield tag="791" ind1="0" ind2="0">
    <subfield code="a">Piccaglia, Giovanni Battista</subfield>
    <subfield code="3">IT\ICCU\CNCT\002119</subfield>
    <subfield code="z">Da_Ponte, Pacifico - erede &amp; Piccaglia, Giovanni Battista</subfield>
  </datafield>
  <datafield tag="801" ind1=" " ind2="3">
    <subfield code="a">IT</subfield>
    <subfield code="b">ICCU</subfield>
    <subfield code="c">20201114</subfield>
  </datafield>
  <datafield tag="899" ind1=" " ind2=" ">
    <subfield code="a">Biblioteca civica A. Mai. Bergamo</subfield>
    <subfield code="1">BG0026</subfield>
    <subfield code="2">LO1 02</subfield>
  </datafield>
  <datafield tag="899" ind1=" " ind2=" ">
    <subfield code="a">Biblioteca S. Giacomo del Monastero benedettino. Pontida</subfield>
    <subfield code="1">BG0196</subfield>
    <subfield code="2">ZBG 03</subfield>
  </datafield>
  <datafield tag="899" ind1=" " ind2=" ">
    <subfield code="a">Biblioteca nazionale Braidense. Milano</subfield>
    <subfield code="1">MI0185</subfield>
    <subfield code="2">MIL NB</subfield>
  </datafield>
  <datafield tag="899" ind1=" " ind2=" ">
    <subfield code="a">Biblioteca nazionale universitaria. Torino</subfield>
    <subfield code="1">TO0265</subfield>
    <subfield code="2">TO0 02</subfield>
  </datafield>
  <datafield tag="911" ind1=" " ind2=" ">
    <subfield code="a">Sul front.</subfield>
    <subfield code="9">IT\ICCU\CNCM\002187</subfield>
  </datafield>
  <datafield tag="921" ind1=" " ind2=" ">
    <subfield code="a">IT\ICCU\CNCM\002187</subfield>
    <subfield code="b">Fenice su fiamme che si sprigionano da anfora recante le iniziali G.B.P. L&apos;anfora  ̈sorretta da due satiri alati.</subfield>
    <subfield code="e">1) De la mia morte eterna vita i vivo; 2) Semper eadem</subfield>
    <subfield code="c">U723</subfield>
    <subfield code="f">FENICE</subfield>
    <subfield code="f">ANFORA</subfield>
    <subfield code="f">GBP</subfield>
    <subfield code="g">1599-1600</subfield>
  </datafield>
</record>
</collection>
